<record><leader>00000cas a22000007a 4500</leader><controlfield tag="001">13078461</controlfield><controlfield tag="008">860129d18991952wiuwr ne      0    0eng d</controlfield><datafield ind1=" " ind2=" " tag="010"><subfield code="a">sn 86086300 </subfield></datafield><datafield ind1=" " ind2=" " tag="040"><subfield code="a">NPV</subfield><subfield code="b">eng</subfield><subfield code="c">NPV</subfield><subfield code="d">OCLCQ</subfield></datafield><datafield ind1=" " ind2=" " tag="042"><subfield code="a">msc</subfield></datafield><datafield ind1=" " ind2=" " tag="045"><subfield code="a">w9x5</subfield></datafield><datafield ind1=" " ind2=" " tag="052"><subfield code="a">4123</subfield><subfield code="b">G6</subfield></datafield><datafield ind1="0" ind2=" " tag="130"><subfield code="a">Platteville journal (Platteville, Wis. : 1899)</subfield></datafield><datafield ind1="1" ind2="0" tag="245"><subfield code="a">Platteville journal.</subfield></datafield><datafield ind1=" " ind2=" " tag="260"><subfield code="a">Platteville, Wis. :</subfield><subfield code="b">B.F. Huntington,</subfield><subfield code="c">1899-1952.</subfield></datafield><datafield ind1=" " ind2=" " tag="300"><subfield code="a">52 v. :</subfield><subfield code="b">ill.</subfield></datafield><datafield ind1=" " ind2=" " tag="310"><subfield code="a">Weekly</subfield></datafield><datafield ind1="0" ind2=" " tag="362"><subfield code="a">Vol. 1, no. 1 (Feb. 25, 1899)-fifty-second year, no. 32 (Aug. 7, 1952).</subfield></datafield><datafield ind1=" " ind2=" " tag="500"><subfield code="a">Publisher varies.</subfield></datafield><datafield ind1=" " ind2=" " tag="500"><subfield code="a">Editors: B.F. Huntington, Feb. 25, 1899-Feb. 15, 1900; R.C. Huntington, Feb. 22, 1900-Aug. 12, 1903, Dec. 9-30, 1903; C.H. Gribble, Jan. 6, 1904-Jan. 21, 1925; H.A. Brockman, Sept. 6, 1933-Aug. 7, 1952.</subfield></datafield><datafield ind1=" " ind2=" " tag="530"><subfield code="a">Available on microfilm from The State Historical Society of Wisconsin.</subfield></datafield><datafield ind1=" " ind2=" " tag="752"><subfield code="a">United States</subfield><subfield code="b">Wisconsin</subfield><subfield code="c">Grant</subfield><subfield code="d">Platteville.</subfield></datafield><datafield ind1="0" ind2="5" tag="780"><subfield code="t">Platteville witness</subfield><subfield code="w">(DLC)sn 86086013</subfield></datafield><datafield ind1="0" ind2="7" tag="785"><subfield code="t">Grant County news (Platteville, Wis.)</subfield><subfield code="w">(DLC)sn 86086010</subfield></datafield><datafield ind1="0" ind2="7" tag="785"><subfield code="t">Platteville journal and Grant County news</subfield><subfield code="w">(DLC)sn 86086301</subfield></datafield><datafield ind1="1" ind2=" " tag="029"><subfield code="a">AU@</subfield><subfield code="b">000025826173</subfield></datafield></record>